<record><leader>00000cas a22000007a 4500</leader><controlfield tag="001">14813546</controlfield><controlfield tag="008">861121d18861905pauwr ne      0    0eng d</controlfield><datafield ind1=" " ind2=" " tag="010"><subfield code="a">sn 86083390 </subfield></datafield><datafield ind1=" " ind2=" " tag="040"><subfield code="a">NPH</subfield><subfield code="b">eng</subfield><subfield code="c">NPH</subfield><subfield code="d">OCLCQ</subfield></datafield><datafield ind1=" " ind2=" " tag="042"><subfield code="a">msc</subfield></datafield><datafield ind1="0" ind2=" " tag="130"><subfield code="a">Canonsburg notes (Canonsburg, Pa. : 1886 : Weekly)</subfield></datafield><datafield ind1="1" ind2="4" tag="245"><subfield code="a">The Canonsburg notes.</subfield></datafield><datafield ind1="3" ind2="0" tag="246"><subfield code="a">Canonsburg weekly notes</subfield></datafield><datafield ind1=" " ind2=" " tag="260"><subfield code="a">Canonsburg, Pa. :</subfield><subfield code="b">[D.H. Fee],</subfield><subfield code="c">1886-</subfield></datafield><datafield ind1=" " ind2=" " tag="300"><subfield code="a">v. ;</subfield><subfield code="c">61 cm.</subfield></datafield><datafield ind1=" " ind2=" " tag="310"><subfield code="a">Weekly</subfield></datafield><datafield ind1="0" ind2=" " tag="362"><subfield code="a">[Vol. 12, no. 1] (Oct. 21, 1886)-</subfield></datafield><datafield ind1="1" ind2=" " tag="362"><subfield code="a">Ceased in 1905?</subfield><subfield code="z">Cf. Rossell, G. Pa. newspapers.</subfield></datafield><datafield ind1=" " ind2=" " tag="500"><subfield code="a">Issued every Saturday.</subfield></datafield><datafield ind1=" " ind2=" " tag="500"><subfield code="a">Title varies: Canonsburg weekly notes, Feb. 26-Aug. 12, 1904.</subfield></datafield><datafield ind1=" " ind2=" " tag="580"><subfield code="a">Also issued in daily editions entitled: Canonsburg notes (Canonsburg, Pa. : 1897 : Daily), &lt;1897&gt;; Canonsburg daily notes, &lt;1900&gt;; Canonsburg notes (Canonsburg, Pa. : 1900 : Daily), 1900-1903; Daily notes (Canonsburg, Pa.) 1903-1905.</subfield></datafield><datafield ind1=" " ind2=" " tag="752"><subfield code="a">United States</subfield><subfield code="b">Pennsylvania</subfield><subfield code="c">Washington</subfield><subfield code="d">Canonsburg.</subfield></datafield><datafield ind1="1" ind2=" " tag="775"><subfield code="t">Canonsburg notes (Canonsburg, Pa. : 1897 : Daily)</subfield><subfield code="w">(DLC)sn 88081069</subfield></datafield><datafield ind1="1" ind2=" " tag="775"><subfield code="t">Canonsburg daily notes</subfield><subfield code="w">(DLC)sn 87078610</subfield></datafield><datafield ind1="1" ind2=" " tag="775"><subfield code="t">Canonsburg notes (Canonsburg, Pa. : 1900 : Daily)</subfield><subfield code="w">(DLC)sn 87078608</subfield></datafield><datafield ind1="1" ind2=" " tag="775"><subfield code="t">Daily notes (Canonsburg, Pa.)</subfield><subfield code="w">(DLC)sn 85005593</subfield></datafield><datafield ind1="0" ind2="0" tag="780"><subfield code="t">Rural notes</subfield><subfield code="w">(DLC)sn 87080299</subfield></datafield></record>